{1:F01BANK DANAMON}{2:PCM0000000}{4:
:20:210913-091557
:25:003548544844
:28C:310121/031
:60F:C210131IDR000000450000
:61:210131C000000450000NTRF3863282946515417
:86:7755020120300274 PEMBAYARAN UNTUK ADIRA
:61:210131C000000550000NTRF6078623590992534
:86:7755020120400136 PEMBAYARAN UNTUK ADIRA
:61:210131C000000650000NTRF8863707203787214
:86:7755020120800295 PEMBAYARAN UNTUK ADIRA
:61:210131C000000750000NTRF9781885221039318
:86:7733020120800298 PEMBAYARAN UNTUK ADIRA
:61:210131C000000850000NTRF4372453188463409
:86:7733020121100015 PEMBAYARAN UNTUK ADIRA
:61:210131C000000058241NINT00000000000000000000
:86:Credit Interest Capitalised
:61:210131D000000011648NTAX00000000000000000000
:86:TAX Deducted
:62F:C210131IDR000000450000
:64:C210131IDR000000450000
-}
