{1:F01BANK DANAMON}{2:PCM000100}{4:
:20:210913-161254
:25:003537112611
:28C:1130-1130/327
:60F:C201130IDR000322461230,00
:61:201130D000000011000,00NTRF200918000270074
:86:test wiwi PCM003537112611
:61:201130D000000075900,00NCHG22163022000291834266
:86:FEE FUND TRANSFER E CHANNEL
:61:201130D000000011000,00NTRF200918000270057
:86:test wiwi PCM003537112611
:61:201130D000000075900,00NCHG22163041000291834288
:86:FEE FUND TRANSFER E CHANNEL
:61:201130D000000011000,00NTRF200918000270040
:86:test wiwi PCM003537112611
:61:201130D000000075900,00NCHG22163058000291834304
:86:FEE FUND TRANSFER E CHANNEL
:61:201130D000000011000,00NTRF200918000270050
:86:test wiwi PCM003537112611
:61:201130D000000075900,00NCHG22163113000291834319
:86:FEE FUND TRANSFER E CHANNEL
:61:201130D000000011000,00NTRF200918000270827
:86:test wiwi PCM003537112611
:61:201130D000000075900,00NCHG22163126000291834331
:86:FEE FUND TRANSFER E CHANNEL
:61:201130D000000011000,00NTRF200918000270741
:86:test wiwi PCM003537112611
:61:201130D000000075900,00NCHG22163133000291834338
:86:FEE FUND TRANSFER E CHANNEL
:61:201130D000000011000,00NTRF200918000270594
:86:test wiwi PCM003537112611
:61:201130D000000075900,00NCHG22163154000291834358
:86:FEE FUND TRANSFER E CHANNEL
:61:201130D000000011000,00NTRF200918000270705
:86:test wiwi PCM003537112611
:61:201130D000000075900,00NCHG22163155000291834359
:86:FEE FUND TRANSFER E CHANNEL
:61:201130D000000011000,00NTRF200918000270714
:86:test wiwi PCM003537112611
:61:201130D000000075900,00NCHG22163202000291834366
:86:FEE FUND TRANSFER E CHANNEL
:61:201130D000000011000,00NTRF200918000270767
:86:test wiwi PCM003537112611
:61:201130D000000075900,00NCHG22163204000291834368
:86:FEE FUND TRANSFER E CHANNEL
:61:201130D000000011000,00NTRF200918000270672
:86:test wiwi PCM003537112611
:61:201130D000000075900,00NCHG22163216000291834379
:86:FEE FUND TRANSFER E CHANNEL
:61:201130D000000011000,00NTRF200918000270722
:86:test wiwi PCM003537112611
:61:201130D000000075900,00NCHG22163217000291834380
:86:FEE FUND TRANSFER E CHANNEL
:61:201130D000000011000,00NTRF200918000270687
:86:test wiwi PCM003537112611
:61:201130D000000075900,00NCHG22163223000291834387
:86:FEE FUND TRANSFER E CHANNEL
:61:201130D000000011000,00NTRF200918000270638
:86:test wiwi PCM003537112611
:61:201130D000000075900,00NCHG22163225000291834389
:86:FEE FUND TRANSFER E CHANNEL
:61:201130D000000011000,00NTRF200918000270055
:86:test wiwi PCM003537112611
:61:201130D000000075900,00NCHG22163320000291834451
:86:FEE FUND TRANSFER E CHANNEL
:61:201130D000000011000,00NTRF200918000270061
:86:test wiwi PCM003537112611
:61:201130D000000075900,00NCHG22163321000291834452
:86:FEE FUND TRANSFER E CHANNEL
:61:201130D000000011000,00NTRF200918000270063
:86:test wiwi PCM003537112611
:61:201130D000000075900,00NCHG22163322000291834454
:86:FEE FUND TRANSFER E CHANNEL
:61:201130D000000011000,00NTRF200918000270067
:86:test wiwi PCM003537112611
:61:201130D000000075900,00NCHG22163332000291834465
:86:FEE FUND TRANSFER E CHANNEL
:61:201130D000000011000,00NTRF200918000270070
:86:test wiwi PCM003537112611
:61:201130D000000075900,00NCHG22163335000291834468
:86:FEE FUND TRANSFER E CHANNEL
:61:201130D000000011000,00NTRF200918000270034
:86:test wiwi PCM003537112611
:61:201130D000000075900,00NCHG22163346000291834482
:86:FEE FUND TRANSFER E CHANNEL
:61:201130D000000011000,00NTRF200918000270047
:86:test wiwi PCM003537112611
:61:201130D000000075900,00NCHG22163351000291834488
:86:FEE FUND TRANSFER E CHANNEL
:61:201130D000000011100,00NTRF200918000270028
:86:test wiwi PCM003537112611
:61:201130D000000075900,00NCHG22163420000291834522
:86:FEE FUND TRANSFER E CHANNEL
:61:201130D000000011000,00NTRF200918000270044
:86:test wiwi PCM003537112611
:61:201130D000000075900,00NCHG22163520000291834584
:86:FEE FUND TRANSFER E CHANNEL
:62F:C201130IDR434274304715,27
:64:C201130IDR432271141792,27
-}